
@book{bronimann_projektmanagement_2022,
	location = {Heidelberg},
	edition = {1. Auflage},
	title = {Projektmanagement kurz \& gut},
	isbn = {978-3-96010-660-9 978-3-96010-659-3 978-3-96010-661-6},
	series = {O'Reillys Taschenbibliothek},
	abstract = {Die essenziellen Bestandteile und Anforderungen des Projektmanagements verstehen und Projekte souverän(er) managen Kompakte Darstellung aller Phasen, Rollen und Bestandteile des Projektmanagements Denkanstöße und Praxistipps für Projektmanager mit erster Projekterfahrung Projektmanagement und Agilität im Projektalltag – eine praxisnahe Einordnung Warum sprengen so viele Projekte den angesetzten Zeit- und Kostenrahmen, wo es doch Projektmanagement-Methoden und -Standards wie {IPMA}, {PMI}, Scrum, {PRINCE}2 oder {SAFe} gibt? Mehr ist häufig zu viel! Die meisten Ansätze sind umfangreich und weisen Projektleiterinnen und Projektleitern eine Vielzahl von Rollen zu. Anstatt das eigene Projekt gedanklich zu durchdringen, bleibt es vielfach beim Abarbeiten von Prozessschritten und Checklisten. Die Autoren von Projektmanagement kurz \& gut arbeiten die wesentlichen Aspekte und Kernaufgaben des Projektmanagements heraus. Projektleiter, die diese Essenz im Blick haben, können ihr Projekt gezielter und effektiver steuern und bringen Struktur, Klarheit und Ruhe in die Abläufe.Das Taschenbuch behandelt alle Phasen und wesentlichen Aspekte des Projektmanagements wie z.B. Planung, Ressourcen- und Risikomanagement, Softwarequalität und Dokumentation. Es behandelt aber auch Softfaktoren wie den Umgang mit Schwierigkeiten, dem Team und den Stakeholdern. Zudem beleuchtet es das Zusammenspiel von Projektmanagement und agilen Arbeitsweisen},
	pagetotal = {1},
	publisher = {O'Reilly},
	author = {Brönimann, Daniel and Bommer, Christoph},
	date = {2022},
}

@book{kuster_handbuch_2022,
	location = {Berlin, Heidelberg},
	edition = {5., vollständig überarbeitete und erweiterte Auflage},
	title = {Handbuch Projektmanagement: agil - klassisch - hybrid},
	isbn = {978-3-662-65473-6},
	shorttitle = {Handbuch Projektmanagement},
	abstract = {Intro -- Vorwort zur fünften Auflage -- Auf einen Blick -- Inhaltsverzeichnis -- Über die Autoren -- 1: Einleitung -- 1.1 Projektmanagement - Wozu? -- 1.1.1 Die Taylorwanne -- 1.1.2 {BANI} ist das neue {VUCA} -- 1.2 Was sind Projekte? -- 1.2.1 Projektausprägungen -- 1.2.2 Projektarten -- 1.2.3 Entstehung von Projekten -- 1.3 Was ist Projektmanagement? -- 1.3.1 Hierarchien im Projektmanagement -- 1.3.2 Dimensionen im Projektmanagement -- 1.3.2.1 Kompetenzbereich Kontext (Perspective) -- 1.3.2.2 Kompetenzbereich Menschen (People) -- 1.3.2.3 Kompetenzbereich Praktiken (Practice) -- 1.3.3 Vorgehensprinzipien -- 1.3.3.1 Vom Groben zum Detail -- 1.3.3.2 Variantenbildung -- 1.4 Vorgehensmodelle in Projekten -- 1.4.1 Agile Vorgehensweise -- 1.4.1.1 Scrum -- 1.4.1.2 Kanban -- 1.4.1.3 Skalierte Agilität -- 1.4.2 Klassische Vorgehensweise: Phasenkonzept -- 1.4.2.1 Die Phase der Projektbeauftragung -- 1.4.2.2 Die Initialisierungsphase -- 1.4.2.3 Die Konzeptphase -- 1.4.2.4 Die Realisierungsphase -- 1.4.2.5 Die Einführungsphase -- 1.4.2.6 Die Nutzung -- 1.4.3 Hybrides Projektmanagement -- 1.4.4 Vorgehensweise in Change-Projekten -- 1.4.5 Weitere Vorgehensmodelle -- 1.4.5.1 V-Modell -- 1.4.5.2 Simultaneous Engineering -- 1.4.5.3 Versionenkonzept -- 1.4.6 Wahl eines Vorgehensmodelles: klassisch, agil oder hybrid? -- 1.5 Projekte basieren auf Teamarbeit -- 1.5.1 Inhalt: Arbeit im System -- 1.5.2 Organisation und Beziehung: Arbeit am System -- 1.5.3 Wechselwirkungen -- 1.6 Projekte sind soziale Systeme -- 1.6.1 Taylorismus in unseren Köpfen -- 1.6.2 Mechanistisches und systemisches Weltbild -- 1.6.3 Menschen und Teams sind nichttriviale Systeme -- 1.6.4 Systemischer Ansatz im Projektmanagement -- 1.7 Vielseitigkeit und Kreativität -- 1.7.1 Vielseitigkeit -- 1.7.2 Kreativität als Überschuss von Aufmerksamkeit -- 1.7.3 Wechselspiel zwischen Mensch, Feld und Domäne},
	pagetotal = {1},
	publisher = {Springer Berlin / Heidelberg},
	author = {Kuster, Jürg and Bachmann, Christian and Hubmann, Mike and Lippmann, Robert and Schneider, Patrick},
	date = {2022},
}

@article{pikkarainen_impact_2008,
	title = {The impact of agile practices on communication in software development},
	volume = {13},
	rights = {http://www.springer.com/tdm},
	issn = {1382-3256, 1573-7616},
	url = {http://link.springer.com/10.1007/s10664-008-9065-9},
	doi = {10.1007/s10664-008-9065-9},
	pages = {303--337},
	number = {3},
	journaltitle = {Empirical Software Engineering},
	shortjournal = {Empir Software Eng},
	author = {Pikkarainen, M. and Haikara, J. and Salo, O. and Abrahamsson, P. and Still, J.},
	urldate = {2025-01-12},
	date = {2008-06},
	langid = {english},
}

@online{microsoft_azure_nodate,
	title = {Azure {DevOps} Server {\textbar} Microsoft Azure},
	url = {https://azure.microsoft.com/de-de/products/devops/server},
	shorttitle = {ado-microsoft},
	abstract = {Arbeiten Sie mit Azure {DevOps} Server gemeinsam an Code, verfolgen Sie Ihre Arbeit nach, und verteilen Sie Ihre Software mithilfe integrierter Entwicklertools, die lokal gehostet werden},
	author = {Microsoft},
	urldate = {2024-07-03},
	langid = {german},
}
